<collection xmlns="http://www.loc.gov/MARC21/slim">
<record>
  <leader>01623nam0a22002411i 450 </leader>
  <controlfield tag="001">IT\ICCU\CNCE\080195</controlfield>
  <controlfield tag="005">20200203000000.0</controlfield>
  <datafield tag="012" ind1=" " ind2=" ">
    <subfield code="a">o-ci u]c. nss. m.i- (3) 1575 (R)</subfield>
    <subfield code="2">fei</subfield>
    <subfield code="9">1</subfield>
  </datafield>
  <datafield tag="012" ind1=" " ind2=" ">
    <subfield code="a">AdAd alal asas 76as (C) 1575 (R)</subfield>
    <subfield code="2">fei</subfield>
    <subfield code="9">2</subfield>
  </datafield>
  <datafield tag="100" ind1=" " ind2=" ">
    <subfield code="a">20200131d1575        0itac0103    ba</subfield>
  </datafield>
  <datafield tag="101" ind1=" " ind2=" ">
    <subfield code="a">ITA</subfield>
    <subfield code="a">LAT</subfield>
  </datafield>
  <datafield tag="102" ind1=" " ind2=" ">
    <subfield code="a">IT</subfield>
  </datafield>
  <datafield tag="200" ind1="1" ind2=" ">
    <subfield code="a">Dittionario volgare, &amp; latino, nel quale si contiene, come i vocaboli italiani si possono dire, et esprimere latinamente: per m. Filippo Venuti da Cortona. Con vn dittionario delle voci latine simile a quello del Calepino, co&apos; numeri, per ritrouar nel volgare, la loro significatione, aggiunto dal medesimo in questa nuoua impressione</subfield>
  </datafield>
  <datafield tag="210" ind1=" " ind2=" ">
    <subfield code="a">In Venetia</subfield>
    <subfield code="c">presso gli heredi di Luigi Valuassore</subfield>
    <subfield code="d">&amp; Gio. Domenico Micheli</subfield>
    <subfield code="d">1575</subfield>
  </datafield>
  <datafield tag="215" ind1=" " ind2=" ">
    <subfield code="a">2 pt.</subfield>
    <subfield code="d">8ʻ</subfield>
  </datafield>
  <datafield tag="300" ind1=" " ind2=" ">
    <subfield code="a">2: Dictionarium Latinum: quo Latinae voces, Italicis in dictionario priore adiunctae ... iuxta Calepini ordinem demonstrantur ... Venetiis : apud haeredes Aloisij Valuassoris, et Ioannem Dominicum Michaelem, 1575 (In Venetia. Appresso gli heredi di LuigiValvassore, detto Guadagnino. 1575)</subfield>
  </datafield>
  <datafield tag="620" ind1=" " ind2=" ">
    <subfield code="a">IT</subfield>
    <subfield code="d">Venezia</subfield>
  </datafield>
  <datafield tag="700" ind1=" " ind2="1">
    <subfield code="a">Venuti,</subfield>
    <subfield code="b">Filippo</subfield>
    <subfield code="3">IT\ICCU\CNCA\006428</subfield>
  </datafield>
  <datafield tag="712" ind1="0" ind2="0">
    <subfield code="a">Valvassori, Luigi - eredi &amp; Micheli, Giovanni Domenico</subfield>
    <subfield code="3">IT\ICCU\CNCT\000823</subfield>
    <subfield code="4">650</subfield>
  </datafield>
  <datafield tag="801" ind1=" " ind2="3">
    <subfield code="a">IT</subfield>
    <subfield code="b">ICCU</subfield>
    <subfield code="c">20201115</subfield>
  </datafield>
  <datafield tag="899" ind1=" " ind2=" ">
    <subfield code="a">Biblioteca Diocesana Mons. Giuliano Agresti. Lucca</subfield>
    <subfield code="1">LU0023</subfield>
    <subfield code="2">PBE 86</subfield>
  </datafield>
  <datafield tag="911" ind1=" " ind2=" ">
    <subfield code="a">Sui front.</subfield>
    <subfield code="9">IT\ICCU\CNCM\001092</subfield>
  </datafield>
  <datafield tag="921" ind1=" " ind2=" ">
    <subfield code="a">IT\ICCU\CNCM\001092</subfield>
    <subfield code="b">Serpente e ramo d&apos;edera attorcigliati a lancia sostenuta da mani uscenti da nubi</subfield>
    <subfield code="e">In utrunque</subfield>
    <subfield code="c">U134</subfield>
    <subfield code="d">Dimensioni: 3,5 x 5</subfield>
    <subfield code="f">SERPENTE</subfield>
    <subfield code="f">EDERA</subfield>
    <subfield code="f">LANCIA</subfield>
    <subfield code="f">MANI</subfield>
    <subfield code="g">1567-1582</subfield>
  </datafield>
</record>
</collection>
